%
% Standard list of LSST DESC references

% !! DO NOT EDIT! !!
% This file is maintained as part of the `start_paper` project,
% and will be overwritten by `make update`.

@ARTICLE{WhitePaper,
   author = {{LSST Dark Energy Science Collaboration}},
    title = "{Large Synoptic Survey Telescope: Dark Energy Science Collaboration}",
  journal = {ArXiv e-prints},
archivePrefix = "arXiv",
   eprint = {1211.0310},
 primaryClass = "astro-ph.CO",
 keywords = {Astrophysics - Cosmology and Extragalactic Astrophysics, High Energy Physics - Experiment},
     year = 2012,
    month = nov,
   adsurl = {http://adsabs.harvard.edu/abs/2012arXiv1211.0310L},
  adsnote = {Provided by the SAO/NASA Astrophysics Data System},
collaboration = {LSST Dark Energy Science}
}

@ARTICLE{ScienceBook,
   author = {{LSST Science Collaboration}},
    title = "{LSST Science Book, Version 2.0}",
  journal = {ArXiv e-prints},
archivePrefix = "arXiv",
   eprint = {0912.0201},
 primaryClass = "astro-ph.IM",
 keywords = {Astrophysics - Instrumentation and Methods for Astrophysics, Astrophysics - Cosmology and Extragalactic Astrophysics, Astrophysics - Earth and Planetary Astrophysics, Astrophysics - Galaxy Astrophysics, Astrophysics - Solar and Stellar Astrophysics},
     year = 2009,
    month = dec,
   adsurl = {http://adsabs.harvard.edu/abs/2009arXiv0912.0201L},
  adsnote = {Provided by the SAO/NASA Astrophysics Data System},
collaboration = {LSST Science}
}
@ARTICLE{Overview,
       author = {{Ivezi{\'c}}, {\v{Z}}eljko and {Kahn}, Steven M. and
         {Tyson}, J. Anthony and {Abel}, Bob and {Acosta}, Emily and
         {Allsman}, Robyn and {Alonso}, David and {AlSayyad}, Yusra and
         {Anderson}, Scott F. and {Andrew}, John and {Angel}, James Roger P. and
         others},
        title = "{LSST: From Science Drivers to Reference Design and Anticipated Data Products}",
      journal = {\apj},
     keywords = {astrometry, cosmology: observations, Galaxy: general, methods: observational, stars: general, surveys, Astrophysics},
         year = "2019",
        month = "Mar",
       volume = {873},
       number = {2},
          eid = {111},
        pages = {111},
          doi = {10.3847/1538-4357/ab042c},
archivePrefix = {arXiv},
       eprint = {0805.2366},
 primaryClass = {astro-ph},
       adsurl = {https://ui.adsabs.harvard.edu/abs/2019ApJ...873..111I},
      adsnote = {Provided by the SAO/NASA Astrophysics Data System}
}


@ARTICLE{Overview_old,
   author = {{Ivezic}, Z. and {Tyson}, J.~A. and others},
    title = "{LSST: from Science Drivers to Reference Design and Anticipated Data Products}",
  journal = {ArXiv e-prints},
archivePrefix = "arXiv",
   eprint = {0805.2366},
 keywords = {Astrophysics},
     year = 2008,
    month = may,
   adsurl = {http://adsabs.harvard.edu/abs/2008arXiv0805.2366I},
  adsnote = {Provided by the SAO/NASA Astrophysics Data System},
collaboration = {LSST}
}
%
