%
% Add your bibtex items here:
@ARTICLE{2006astro.ph..9591A,
   author = {{Albrecht}, A. and {Bernstein}, G. and {Cahn}, R. and {Freedman}, W.~L. and 
	{Hewitt}, J. and {Hu}, W. and {Huth}, J. and {Kamionkowski}, M. and 
	{Kolb}, E.~W. and {Knox}, L. and {Mather}, J.~C. and {Staggs}, S. and 
	{Suntzeff}, N.~B.},
    title = "{Report of the Dark Energy Task Force}",
  journal = {ArXiv Astrophysics e-prints},
   eprint = {astro-ph/0609591},
 keywords = {Astrophysics},
     year = 2006,
    month = sep,
   adsurl = {http://adsabs.harvard.edu/abs/2006astro.ph..9591A},
  adsnote = {Provided by the SAO/NASA Astrophysics Data System}
}
@ARTICLE{2006MNRAS.366..499D,
   author = {{De Lucia}, G. and {Springel}, V. and {White}, S.~D.~M. and 
	{Croton}, D. and {Kauffmann}, G.},
    title = "{The formation history of elliptical galaxies}",
  journal = {\mnras},
   eprint = {astro-ph/0509725},
 keywords = {galaxies: bulges, galaxies: elliptical and lenticular, cD, galaxies: evolution, galaxies: formation, galaxies: stellar content},
     year = 2006,
    month = feb,
   volume = 366,
    pages = {499-509},
      doi = {10.1111/j.1365-2966.2005.09879.x},
   adsurl = {http://adsabs.harvard.edu/abs/2006MNRAS.366..499D},
  adsnote = {Provided by the SAO/NASA Astrophysics Data System}
}
@ARTICLE{2008ApJ...673..864J,
   author = {{Juri{\'c}}, M. and {Ivezi{\'c}}, {\v Z}. and {Brooks}, A. and 
	{Lupton}, R.~H. and {Schlegel}, D. and {Finkbeiner}, D. and 
	{Padmanabhan}, N. and {Bond}, N. and {Sesar}, B. and {Rockosi}, C.~M. and 
	{Knapp}, G.~R. and {Gunn}, J.~E. and {Sumi}, T. and {Schneider}, D.~P. and 
	{Barentine}, J.~C. and {Brewington}, H.~J. and {Brinkmann}, J. and 
	{Fukugita}, M. and {Harvanek}, M. and {Kleinman}, S.~J. and 
	{Krzesinski}, J. and {Long}, D. and {Neilsen}, Jr., E.~H. and 
	{Nitta}, A. and {Snedden}, S.~A. and {York}, D.~G.},
    title = "{The Milky Way Tomography with SDSS. I. Stellar Number Density Distribution}",
  journal = {\apj},
   eprint = {astro-ph/0510520},
 keywords = {Galaxy: disk, Galaxy: fundamental parameters, Galaxy: halo, Galaxy: structure},
     year = 2008,
    month = feb,
   volume = 673,
      eid = {864-914},
    pages = {864-914},
      doi = {10.1086/523619},
   adsurl = {http://adsabs.harvard.edu/abs/2008ApJ...673..864J},
  adsnote = {Provided by the SAO/NASA Astrophysics Data System}
}
@ARTICLE{2015A&C....10..121R,
   author = {{Rowe}, B.~T.~P. and {Jarvis}, M. and {Mandelbaum}, R. and {Bernstein}, G.~M. and 
	{Bosch}, J. and {Simet}, M. and {Meyers}, J.~E. and {Kacprzak}, T. and 
	{Nakajima}, R. and {Zuntz}, J. and {Miyatake}, H. and {Dietrich}, J.~P. and 
	{Armstrong}, R. and {Melchior}, P. and {Gill}, M.~S.~S.},
    title = "{GALSIM: The modular galaxy image simulation toolkit}",
  journal = {Astronomy and Computing},
archivePrefix = "arXiv",
   eprint = {1407.7676},
 primaryClass = "astro-ph.IM",
 keywords = {Methods: data analysis, Techniques: image processing, Gravitational lensing, Cosmology: observations},
     year = 2015,
    month = apr,
   volume = 10,
    pages = {121-150},
      doi = {10.1016/j.ascom.2015.02.002},
   adsurl = {http://adsabs.harvard.edu/abs/2015A%26C....10..121R},
  adsnote = {Provided by the SAO/NASA Astrophysics Data System}
}
@ARTICLE{2015ApJS..218...14P,
   author = {{Peterson}, J.~R. and {Jernigan}, J.~G. and {Kahn}, S.~M. and 
	{Rasmussen}, A.~P. and {Peng}, E. and {Ahmad}, Z. and {Bankert}, J. and 
	{Chang}, C. and {Claver}, C. and {Gilmore}, D.~K. and {Grace}, E. and 
	{Hannel}, M. and {Hodge}, M. and {Lorenz}, S. and {Lupu}, A. and 
	{Meert}, A. and {Nagarajan}, S. and {Todd}, N. and {Winans}, A. and 
	{Young}, M.},
    title = "{Simulation of Astronomical Images from Optical Survey Telescopes Using a Comprehensive Photon Monte Carlo Approach}",
  journal = {\apjs},
archivePrefix = "arXiv",
   eprint = {1504.06570},
 primaryClass = "astro-ph.IM",
 keywords = {atmospheric effects, cosmology: observations, Galaxy: structure, instrumentation: detectors, surveys, telescopes},
     year = 2015,
    month = may,
   volume = 218,
      eid = {14},
    pages = {14},
      doi = {10.1088/0067-0049/218/1/14},
   adsurl = {http://adsabs.harvard.edu/abs/2015ApJS..218...14P},
  adsnote = {Provided by the SAO/NASA Astrophysics Data System}
}

